@article{delight,
   title={DELIGHT: Deep Learning Identification of Galaxy Hosts of Transients using Multiresolution Images},
   volume={164},
   ISSN={1538-3881},
   url={http://dx.doi.org/10.3847/1538-3881/ac912a},
   DOI={10.3847/1538-3881/ac912a},
   number={5},
   journal={The Astronomical Journal},
   publisher={American Astronomical Society},
   author={Förster, Francisco and Muñoz Arancibia, Alejandra M. and Reyes-Jainaga, Ignacio and Gagliano, Alexander and Britt, Dylan and Cuellar-Carrillo, Sara and Figueroa-Tapia, Felipe and Polzin, Ava and Yousef, Yara and Arredondo, Javier and Rodríguez-Mancini, Diego and Correa-Orellana, Javier and Bayo, Amelia and Bauer, Franz E. and Catelan, Márcio and Cabrera-Vives, Guillermo and Dastidar, Raya and Estévez, Pablo A. and Pignata, Giuliano and Hernández-García, Lorena and Huijse, Pablo and Reyes, Esteban and Sánchez-Sáez, Paula and Ramírez, Mauricio and Grandón, Daniela and Pineda-García, Jonathan and Chabour-Barra, Francisca and Silva-Farfán, Javier},
   year={2022},
   month=oct, pages={195} }

@article{ViT,
  author       = {Alexey Dosovitskiy and
                  Lucas Beyer and
                  Alexander Kolesnikov and
                  Dirk Weissenborn and
                  Xiaohua Zhai and
                  Thomas Unterthiner and
                  Mostafa Dehghani and
                  Matthias Minderer and
                  Georg Heigold and
                  Sylvain Gelly and
                  Jakob Uszkoreit and
                  Neil Houlsby},
  title        = {An Image is Worth 16x16 Words: Transformers for Image Recognition
                  at Scale},
  journal      = {CoRR},
  volume       = {abs/2010.11929},
  year         = {2020},
  url          = {https://arxiv.org/abs/2010.11929},
  eprinttype    = {arXiv},
  eprint       = {2010.11929},
  timestamp    = {Fri, 20 Nov 2020 14:04:05 +0100},
  biburl       = {https://dblp.org/rec/journals/corr/abs-2010-11929.bib},
  bibsource    = {dblp computer science bibliography, https://dblp.org}
}

@article{Bellm2018,
  title = {The Zwicky Transient Facility: System Overview,  Performance,  and First Results},
  volume = {131},
  ISSN = {1538-3873},
  url = {http://dx.doi.org/10.1088/1538-3873/aaecbe},
  DOI = {10.1088/1538-3873/aaecbe},
  number = {995},
  journal = {Publications of the Astronomical Society of the Pacific},
  publisher = {IOP Publishing},
  author = {Bellm,  Eric C. and Kulkarni,  Shrinivas R. and Graham,  Matthew J. and Dekany,  Richard and Smith,  Roger M. and Riddle,  Reed and Masci,  Frank J. and Helou,  George and Prince,  Thomas A. and Adams,  Scott M. and Barbarino,  C. and Barlow,  Tom and Bauer,  James and Beck,  Ron and Belicki,  Justin and Biswas,  Rahul and Blagorodnova,  Nadejda and Bodewits,  Dennis and Bolin,  Bryce and Brinnel,  Valery and Brooke,  Tim and Bue,  Brian and Bulla,  Mattia and Burruss,  Rick and Cenko,  S. Bradley and Chang,  Chan-Kao and Connolly,  Andrew and Coughlin,  Michael and Cromer,  John and Cunningham,  Virginia and De,  Kishalay and Delacroix,  Alex and Desai,  Vandana and Duev,  Dmitry A. and Eadie,  Gwendolyn and Farnham,  Tony L. and Feeney,  Michael and Feindt,  Ulrich and Flynn,  David and Franckowiak,  Anna and Frederick,  S. and Fremling,  C. and Gal-Yam,  Avishay and Gezari,  Suvi and Giomi,  Matteo and Goldstein,  Daniel A. and Golkhou,  V. Zach and Goobar,  Ariel and Groom,  Steven and Hacopians,  Eugean and Hale,  David and Henning,  John and Ho,  Anna Y. Q. and Hover,  David and Howell,  Justin and Hung,  Tiara and Huppenkothen,  Daniela and Imel,  David and Ip,  Wing-Huen and Ivezic,  Zeljko and Jackson,  Edward and Jones,  Lynne and Juric,  Mario and Kasliwal,  Mansi M. and Kaspi,  S. and Kaye,  Stephen and Kelley,  Michael S. P. and Kowalski,  Marek and Kramer,  Emily and Kupfer,  Thomas and Landry,  Walter and Laher,  Russ R. and Lee,  Chien-De and Lin,  Hsing Wen and Lin,  Zhong-Yi and Lunnan,  Ragnhild and Giomi,  Matteo and Mahabal,  Ashish and Mao,  Peter and Miller,  Adam A. and Monkewitz,  Serge and Murphy,  Patrick and Ngeow,  Chow-Choong and Nordin,  Jakob and Nugent,  Peter and Ofek,  Eran and Patterson,  Maria T. and Penprase,  Bryan and Porter,  Michael and Rauch,  Ludwig and Rebbapragada,  Umaa and Reiley,  Dan and Rigault,  Mickael and Rodriguez,  Hector and Roestel,  Jan van and Rusholme,  Ben and Santen,  Jakob van and Schulze,  S. and Shupe,  David L. and Singer,  Leo P. and Soumagnac,  Maayane T. and Stein,  Robert and Surace,  Jason and Sollerman,  Jesper and Szkody,  Paula and Taddia,  F. and Terek,  Scott and Van Sistine,  Angela and van Velzen,  Sjoert and Vestrand,  W. Thomas and Walters,  Richard and Ward,  Charlotte and Ye,  Quan-Zhi and Yu,  Po-Chieh and Yan,  Lin and Zolkower,  Jeffry},
  year = {2018},
  month = dec,
  pages = {018002}
}

@article{gaia,
  title = {TheGaiamission},
  volume = {595},
  ISSN = {1432-0746},
  url = {http://dx.doi.org/10.1051/0004-6361/201629272},
  DOI = {10.1051/0004-6361/201629272},
  journal = {Astronomy and Astrophysics},
  publisher = {EDP Sciences},
  author = {Prusti,  T. and de Bruijne,  J. H. J. and Brown,  A. G. A. and Vallenari,  A. and Babusiaux,  C. and Bailer-Jones,  C. A. L. and Bastian,  U. and Biermann,  M. and Evans,  D. W. and Eyer,  L. and Jansen,  F. and Jordi,  C. and Klioner,  S. A. and Lammers,  U. and Lindegren,  L. and Luri,  X. and Mignard,  F. and Milligan,  D. J. and Panem,  C. and Poinsignon,  V. and Pourbaix,  D. and Randich,  S. and Sarri,  G. and Sartoretti,  P. and Siddiqui,  H. I. and Soubiran,  C. and Valette,  V. and van Leeuwen,  F. and Walton,  N. A. and Aerts,  C. and Arenou,  F. and Cropper,  M. and Drimmel,  R. and Høg,  E. and Katz,  D. and Lattanzi,  M. G. and O’Mullane,  W. and Grebel,  E. K. and Holland,  A. D. and Huc,  C. and Passot,  X. and Bramante,  L. and Cacciari,  C. and Castañeda,  J. and Chaoul,  L. and Cheek,  N. and De Angeli,  F. and Fabricius,  C. and Guerra,  R. and Hernández,  J. and Jean-Antoine-Piccolo,  A. and Masana,  E. and Messineo,  R. and Mowlavi,  N. and Nienartowicz,  K. and Ordóñez-Blanco,  D. and Panuzzo,  P. and Portell,  J. and Richards,  P. J. and Riello,  M. and Seabroke,  G. M. and Tanga,  P. and Thévenin,  F. and Torra,  J. and Els,  S. G. and Gracia-Abril,  G. and Comoretto,  G. and Garcia-Reinaldos,  M. and Lock,  T. and Mercier,  E. and Altmann,  M. and Andrae,  R. and Astraatmadja,  T. L. and Bellas-Velidis,  I. and Benson,  K. and Berthier,  J. and Blomme,  R. and Busso,  G. and Carry,  B. and Cellino,  A. and Clementini,  G. and Cowell,  S. and Creevey,  O. and Cuypers,  J. and Davidson,  M. and De Ridder,  J. and de Torres,  A. and Delchambre,  L. and Dell’Oro,  A. and Ducourant,  C. and Frémat,  Y. and García-Torres,  M. and Gosset,  E. and Halbwachs,  J.-L. and Hambly,  N. C. and Harrison,  D. L. and Hauser,  M. and Hestroffer,  D. and Hodgkin,  S. T. and Huckle,  H. E. and Hutton,  A. and Jasniewicz,  G. and Jordan,  S. and Kontizas,  M. and Korn,  A. J. and Lanzafame,  A. C. and Manteiga,  M. and Moitinho,  A. and Muinonen,  K. and Osinde,  J. and Pancino,  E. and Pauwels,  T. and Petit,  J.-M. and Recio-Blanco,  A. and Robin,  A. C. and Sarro,  L. M. and Siopis,  C. and Smith,  M. and Smith,  K. W. and Sozzetti,  A. and Thuillot,  W. and van Reeven,  W. and Viala,  Y. and Abbas,  U. and Abreu Aramburu,  A. and Accart,  S. and Aguado,  J. J. and Allan,  P. M. and Allasia,  W. and Altavilla,  G. and Álvarez,  M. A. and Alves,  J. and Anderson,  R. I. and Andrei,  A. H. and Anglada Varela,  E. and Antiche,  E. and Antoja,  T. and Antón,  S. and Arcay,  B. and Atzei,  A. and Ayache,  L. and Bach,  N. and Baker,  S. G. and Balaguer-Núñez,  L. and Barache,  C. and Barata,  C. and Barbier,  A. and Barblan,  F. and Baroni,  M. and Barrado y Navascués,  D. and Barros,  M. and Barstow,  M. A. and Becciani,  U. and Bellazzini,  M. and Bellei,  G. and Bello García,  A. and Belokurov,  V. and Bendjoya,  P. and Berihuete,  A. and Bianchi,  L. and Bienaymé,  O. and Billebaud,  F. and Blagorodnova,  N. and Blanco-Cuaresma,  S. and Boch,  T. and Bombrun,  A. and Borrachero,  R. and Bouquillon,  S. and Bourda,  G. and Bouy,  H. and Bragaglia,  A. and Breddels,  M. A. and Brouillet,  N. and Br\"{u}semeister,  T. and Bucciarelli,  B. and Budnik,  F. and Burgess,  P. and Burgon,  R. and Burlacu,  A. and Busonero,  D. and Buzzi,  R. and Caffau,  E. and Cambras,  J. and Campbell,  H. and Cancelliere,  R. and Cantat-Gaudin,  T. and Carlucci,  T. and Carrasco,  J. M. and Castellani,  M. and Charlot,  P. and Charnas,  J. and Charvet,  P. and Chassat,  F. and Chiavassa,  A. and Clotet,  M. and Cocozza,  G. and Collins,  R. S. and Collins,  P. and Costigan,  G. and Crifo,  F. and Cross,  N. J. G. and Crosta,  M. and Crowley,  C. and Dafonte,  C. and Damerdji,  Y. and Dapergolas,  A. and David,  P. and David,  M. and De Cat,  P. and de Felice,  F. and de Laverny,  P. and De Luise,  F. and De March,  R. and de Martino,  D. and de Souza,  R. and Debosscher,  J. and del Pozo,  E. and Delbo,  M. and Delgado,  A. and Delgado,  H. E. and di Marco,  F. and Di Matteo,  P. and Diakite,  S. and Distefano,  E. and Dolding,  C. and Dos Anjos,  S. and Drazinos,  P. and Durán,  J. and Dzigan,  Y. and Ecale,  E. and Edvardsson,  B. and Enke,  H. and Erdmann,  M. and Escolar,  D. and Espina,  M. and Evans,  N. W. and Eynard Bontemps,  G. and Fabre,  C. and Fabrizio,  M. and Faigler,  S. and Falcão,  A. J. and Farràs Casas,  M. and Faye,  F. and Federici,  L. and Fedorets,  G. and Fernández-Hernández,  J. and Fernique,  P. and Fienga,  A. and Figueras,  F. and Filippi,  F. and Findeisen,  K. and Fonti,  A. and Fouesneau,  M. and Fraile,  E. and Fraser,  M. and Fuchs,  J. and Furnell,  R. and Gai,  M. and Galleti,  S. and Galluccio,  L. and Garabato,  D. and García-Sedano,  F. and Garé,  P. and Garofalo,  A. and Garralda,  N. and Gavras,  P. and Gerssen,  J. and Geyer,  R. and Gilmore,  G. and Girona,  S. and Giuffrida,  G. and Gomes,  M. and González-Marcos,  A. and González-Núñez,  J. and González-Vidal,  J. J. and Granvik,  M. and Guerrier,  A. and Guillout,  P. and Guiraud,  J. and Gúrpide,  A. and Gutiérrez-Sánchez,  R. and Guy,  L. P. and Haigron,  R. and Hatzidimitriou,  D. and Haywood,  M. and Heiter,  U. and Helmi,  A. and Hobbs,  D. and Hofmann,  W. and Holl,  B. and Holland,  G. and Hunt,  J. A. S. and Hypki,  A. and Icardi,  V. and Irwin,  M. and Jevardat de Fombelle,  G. and Jofré,  P. and Jonker,  P. G. and Jorissen,  A. and Julbe,  F. and Karampelas,  A. and Kochoska,  A. and Kohley,  R. and Kolenberg,  K. and Kontizas,  E. and Koposov,  S. E. and Kordopatis,  G. and Koubsky,  P. and Kowalczyk,  A. and Krone-Martins,  A. and Kudryashova,  M. and Kull,  I. and Bachchan,  R. K. and Lacoste-Seris,  F. and Lanza,  A. F. and Lavigne,  J.-B. and Le Poncin-Lafitte,  C. and Lebreton,  Y. and Lebzelter,  T. and Leccia,  S. and Leclerc,  N. and Lecoeur-Taibi,  I. and Lemaitre,  V. and Lenhardt,  H. and Leroux,  F. and Liao,  S. and Licata,  E. and Lindstrøm,  H. E. P. and Lister,  T. A. and Livanou,  E. and Lobel,  A. and L\"{o}ffler,  W. and López,  M. and Lopez-Lozano,  A. and Lorenz,  D. and Loureiro,  T. and MacDonald,  I. and Magalhães Fernandes,  T. and Managau,  S. and Mann,  R. G. and Mantelet,  G. and Marchal,  O. and Marchant,  J. M. and Marconi,  M. and Marie,  J. and Marinoni,  S. and Marrese,  P. M. and Marschalkó,  G. and Marshall,  D. J. and Martín-Fleitas,  J. M. and Martino,  M. and Mary,  N. and Matijevič,  G. and Mazeh,  T. and McMillan,  P. J. and Messina,  S. and Mestre,  A. and Michalik,  D. and Millar,  N. R. and Miranda,  B. M. H. and Molina,  D. and Molinaro,  R. and Molinaro,  M. and Molnár,  L. and Moniez,  M. and Montegriffo,  P. and Monteiro,  D. and Mor,  R. and Mora,  A. and Morbidelli,  R. and Morel,  T. and Morgenthaler,  S. and Morley,  T. and Morris,  D. and Mulone,  A. F. and Muraveva,  T. and Musella,  I. and Narbonne,  J. and Nelemans,  G. and Nicastro,  L. and Noval,  L. and Ordénovic,  C. and Ordieres-Meré,  J. and Osborne,  P. and Pagani,  C. and Pagano,  I. and Pailler,  F. and Palacin,  H. and Palaversa,  L. and Parsons,  P. and Paulsen,  T. and Pecoraro,  M. and Pedrosa,  R. and Pentik\"{a}inen,  H. and Pereira,  J. and Pichon,  B. and Piersimoni,  A. M. and Pineau,  F.-X. and Plachy,  E. and Plum,  G. and Poujoulet,  E. and Prša,  A. and Pulone,  L. and Ragaini,  S. and Rago,  S. and Rambaux,  N. and Ramos-Lerate,  M. and Ranalli,  P. and Rauw,  G. and Read,  A. and Regibo,  S. and Renk,  F. and Reylé,  C. and Ribeiro,  R. A. and Rimoldini,  L. and Ripepi,  V. and Riva,  A. and Rixon,  G. and Roelens,  M. and Romero-Gómez,  M. and Rowell,  N. and Royer,  F. and Rudolph,  A. and Ruiz-Dern,  L. and Sadowski,  G. and Sagristà Sellés,  T. and Sahlmann,  J. and Salgado,  J. and Salguero,  E. and Sarasso,  M. and Savietto,  H. and Schnorhk,  A. and Schultheis,  M. and Sciacca,  E. and Segol,  M. and Segovia,  J. C. and Segransan,  D. and Serpell,  E. and Shih,  I-C. and Smareglia,  R. and Smart,  R. L. and Smith,  C. and Solano,  E. and Solitro,  F. and Sordo,  R. and Soria Nieto,  S. and Souchay,  J. and Spagna,  A. and Spoto,  F. and Stampa,  U. and Steele,  I. A. and Steidelm\"{u}ller,  H. and Stephenson,  C. A. and Stoev,  H. and Suess,  F. F. and S\"{u}veges,  M. and Surdej,  J. and Szabados,  L. and Szegedi-Elek,  E. and Tapiador,  D. and Taris,  F. and Tauran,  G. and Taylor,  M. B. and Teixeira,  R. and Terrett,  D. and Tingley,  B. and Trager,  S. C. and Turon,  C. and Ulla,  A. and Utrilla,  E. and Valentini,  G. and van Elteren,  A. and Van Hemelryck,  E. and van Leeuwen,  M. and Varadi,  M. and Vecchiato,  A. and Veljanoski,  J. and Via,  T. and Vicente,  D. and Vogt,  S. and Voss,  H. and Votruba,  V. and Voutsinas,  S. and Walmsley,  G. and Weiler,  M. and Weingrill,  K. and Werner,  D. and Wevers,  T. and Whitehead,  G. and Wyrzykowski,  L. and Yoldas,  A. and Žerjal,  M. and Zucker,  S. and Zurbach,  C. and Zwitter,  T. and Alecu,  A. and Allen,  M. and Allende Prieto,  C. and Amorim,  A. and Anglada-Escudé,  G. and Arsenijevic,  V. and Azaz,  S. and Balm,  P. and Beck,  M. and Bernstein,  H.-H. and Bigot,  L. and Bijaoui,  A. and Blasco,  C. and Bonfigli,  M. and Bono,  G. and Boudreault,  S. and Bressan,  A. and Brown,  S. and Brunet,  P.-M. and Bunclark,  P. and Buonanno,  R. and Butkevich,  A. G. and Carret,  C. and Carrion,  C. and Chemin,  L. and Chéreau,  F. and Corcione,  L. and Darmigny,  E. and de Boer,  K. S. and de Teodoro,  P. and de Zeeuw,  P. T. and Delle Luche,  C. and Domingues,  C. D. and Dubath,  P. and Fodor,  F. and Frézouls,  B. and Fries,  A. and Fustes,  D. and Fyfe,  D. and Gallardo,  E. and Gallegos,  J. and Gardiol,  D. and Gebran,  M. and Gomboc,  A. and Gómez,  A. and Grux,  E. and Gueguen,  A. and Heyrovsky,  A. and Hoar,  J. and Iannicola,  G. and Isasi Parache,  Y. and Janotto,  A.-M. and Joliet,  E. and Jonckheere,  A. and Keil,  R. and Kim,  D.-W. and Klagyivik,  P. and Klar,  J. and Knude,  J. and Kochukhov,  O. and Kolka,  I. and Kos,  J. and Kutka,  A. and Lainey,  V. and LeBouquin,  D. and Liu,  C. and Loreggia,  D. and Makarov,  V. V. and Marseille,  M. G. and Martayan,  C. and Martinez-Rubi,  O. and Massart,  B. and Meynadier,  F. and Mignot,  S. and Munari,  U. and Nguyen,  A.-T. and Nordlander,  T. and Ocvirk,  P. and O’Flaherty,  K. S. and Olias Sanz,  A. and Ortiz,  P. and Osorio,  J. and Oszkiewicz,  D. and Ouzounis,  A. and Palmer,  M. and Park,  P. and Pasquato,  E. and Peltzer,  C. and Peralta,  J. and Péturaud,  F. and Pieniluoma,  T. and Pigozzi,  E. and Poels,  J. and Prat,  G. and Prod’homme,  T. and Raison,  F. and Rebordao,  J. M. and Risquez,  D. and Rocca-Volmerange,  B. and Rosen,  S. and Ruiz-Fuertes,  M. I. and Russo,  F. and Sembay,  S. and Serraller Vizcaino,  I. and Short,  A. and Siebert,  A. and Silva,  H. and Sinachopoulos,  D. and Slezak,  E. and Soffel,  M. and Sosnowska,  D. and Straižys,  V. and ter Linden,  M. and Terrell,  D. and Theil,  S. and Tiede,  C. and Troisi,  L. and Tsalmantza,  P. and Tur,  D. and Vaccari,  M. and Vachier,  F. and Valles,  P. and Van Hamme,  W. and Veltz,  L. and Virtanen,  J. and Wallut,  J.-M. and Wichmann,  R. and Wilkinson,  M. I. and Ziaeepour,  H. and Zschocke,  S.},
  year = {2016},
  month = nov,
  pages = {A1}
}

@article{atlas,
  title = {ATLAS: A High-cadence All-sky Survey System},
  volume = {130},
  ISSN = {1538-3873},
  url = {http://dx.doi.org/10.1088/1538-3873/aabadf},
  DOI = {10.1088/1538-3873/aabadf},
  number = {988},
  journal = {Publications of the Astronomical Society of the Pacific},
  publisher = {IOP Publishing},
  author = {Tonry,  J. L. and Denneau,  L. and Heinze,  A. N. and Stalder,  B. and Smith,  K. W. and Smartt,  S. J. and Stubbs,  C. W. and Weiland,  H. J. and Rest,  A.},
  year = {2018},
  month = may,
  pages = {064505}
}

@misc{lsst,
  doi = {10.48550/ARXIV.0912.0201},
  url = {https://arxiv.org/abs/0912.0201},
  author = {{LSST Science Collaboration} and Abell,  Paul A. and Allison,  Julius and Anderson,  Scott F. and Andrew,  John R. and Angel,  J. Roger P. and Armus,  Lee and Arnett,  David and Asztalos,  S. J. and Axelrod,  Tim S. and Bailey,  Stephen and Ballantyne,  D. R. and Bankert,  Justin R. and Barkhouse,  Wayne A. and Barr,  Jeffrey D. and Barrientos,  L. Felipe and Barth,  Aaron J. and Bartlett,  James G. and Becker,  Andrew C. and Becla,  Jacek and Beers,  Timothy C. and Bernstein,  Joseph P. and Biswas,  Rahul and Blanton,  Michael R. and Bloom,  Joshua S. and Bochanski,  John J. and Boeshaar,  Pat and Borne,  Kirk D. and Bradac,  Marusa and Brandt,  W. N. and Bridge,  Carrie R. and Brown,  Michael E. and Brunner,  Robert J. and Bullock,  James S. and Burgasser,  Adam J. and Burge,  James H. and Burke,  David L. and Cargile,  Phillip A. and Chandrasekharan,  Srinivasan and Chartas,  George and Chesley,  Steven R. and Chu,  You-Hua and Cinabro,  David and Claire,  Mark W. and Claver,  Charles F. and Clowe,  Douglas and Connolly,  A. J. and Cook,  Kem H. and Cooke,  Jeff and Cooray,  Asantha and Covey,  Kevin R. and Culliton,  Christopher S. and de Jong,  Roelof and de Vries,  Willem H. and Debattista,  Victor P. and Delgado,  Francisco and Dell'Antonio,  Ian P. and Dhital,  Saurav and Di Stefano,  Rosanne and Dickinson,  Mark and Dilday,  Benjamin and Djorgovski,  S. G. and Dobler,  Gregory and Donalek,  Ciro and Dubois-Felsmann,  Gregory and Durech,  Josef and Eliasdottir,  Ardis and Eracleous,  Michael and Eyer,  Laurent and Falco,  Emilio E. and Fan,  Xiaohui and Fassnacht,  Christopher D. and Ferguson,  Harry C. and Fernandez,  Yanga R. and Fields,  Brian D. and Finkbeiner,  Douglas and Figueroa,  Eduardo E. and Fox,  Derek B. and Francke,  Harold and Frank,  James S. and Frieman,  Josh and Fromenteau,  Sebastien and Furqan,  Muhammad and Galaz,  Gaspar and Gal-Yam,  A. and Garnavich,  Peter and Gawiser,  Eric and Geary,  John and Gee,  Perry and Gibson,  Robert R. and Gilmore,  Kirk and Grace,  Emily A. and Green,  Richard F. and Gressler,  William J. and Grillmair,  Carl J. and Habib,  Salman and Haggerty,  J. S. and Hamuy,  Mario and Harris,  Alan W. and Hawley,  Suzanne L. and Heavens,  Alan F. and Hebb,  Leslie and Henry,  Todd J. and Hileman,  Edward and Hilton,  Eric J. and Hoadley,  Keri and Holberg,  J. B. and Holman,  Matt J. and Howell,  Steve B. and Infante, 
 Leopoldo and Ivezic,  Zeljko and Jacoby,  Suzanne H. and Jain,  Bhuvnesh and Jee,  M. James and Jernigan,  J. Garrett and Jha,  Saurabh W. and Johnston,  Kathryn V. and Jones,  R. Lynne and Juric,  Mario and Kaasalainen,  Mikko and {Kafka} and Kahn,  Steven M. and Kaib,  Nathan A. and Kalirai,  Jason and Kantor,  Jeff and Kasliwal,  Mansi M. and Keeton,  Charles R. and Kessler,  Richard and Knezevic,  Zoran and Kowalski,  Adam and Krabbendam,  Victor L. and Krughoff,  K. Simon and Kulkarni,  Shrinivas and Kuhlman,  Stephen and Lacy,  Mark and Lepine,  Sebastien and Liang,  Ming and Lien,  Amy and Lira,  Paulina and Long,  Knox S. and Lorenz,  Suzanne and Lotz,  Jennifer M. and Lupton,  R. H. and Lutz,  Julie and Macri,  Lucas M. and Mahabal,  Ashish A. and Mandelbaum,  Rachel and Marshall,  Phil and May,  Morgan and McGehee,  Peregrine M. and Meadows,  Brian T. and Meert,  Alan and Milani,  Andrea and Miller,  Christopher J. and Miller,  Michelle and Mills,  David and Minniti,  Dante and Monet,  David and Mukadam,  Anjum S. and Nakar,  Ehud and Neill,  Douglas R. and Newman,  Jeffrey A. and Nikolaev,  Sergei and Nordby,  Martin and O'Connor,  Paul and Oguri,  Masamune and Oliver,  John and Olivier,  Scot S. and Olsen,  Julia K. and Olsen,  Knut and Olszewski,  Edward W. and Oluseyi,  Hakeem and Padilla,  Nelson D. and Parker,  Alex and Pepper,  Joshua and Peterson,  John R. and Petry,  Catherine and Pinto,  Philip A. and Pizagno,  James L. and Popescu,  Bogdan and Prsa,  Andrej and Radcka,  Veljko and Raddick,  M. Jordan and Rasmussen,  Andrew and Rau,  Arne and Rho,  Jeonghee and Rhoads,  James E. and Richards,  Gordon T. and Ridgway,  Stephen T. and Robertson,  Brant E. and Roskar,  Rok and Saha,  Abhijit and Sarajedini,  Ata and Scannapieco,  Evan and Schalk,  Terry and Schindler,  Rafe and Schmidt,  Samuel and Schmidt,  Sarah and Schneider,  Donald P. and Schumacher,  German and Scranton,  Ryan and Sebag,  Jacques and Seppala,  Lynn G. and Shemmer,  Ohad and Simon,  Joshua D. and Sivertz,  M. and Smith,  Howard A. and Smith,  J. Allyn and Smith,  Nathan and Spitz,  Anna H. and Stanford,  Adam and Stassun,  Keivan G. and Strader,  Jay and Strauss,  Michael A. and Stubbs,  Christopher W. and Sweeney,  Donald W. and Szalay,  Alex and Szkody,  Paula and Takada,  Masahiro and Thorman,  Paul and Trilling,  David E. and Trimble,  Virginia and Tyson,  Anthony and Van Berg,  Richard and Berk,  Daniel Vanden and VanderPlas,  Jake and Verde,  Licia and Vrsnak,  Bojan and Walkowicz,  Lucianne M. and Wandelt,  Benjamin D. and Wang,  Sheng and Wang,  Yun and Warner,  Michael and Wechsler,  Risa H. and West,  Andrew A. and Wiecha,  Oliver and Williams,  Benjamin F. and Willman,  Beth and Wittman,  David and Wolff,  Sidney C. and Wood-Vasey,  W. Michael and Wozniak,  Przemek and Young,  Patrick and Zentner,  Andrew and Zhan,  Hu},
  keywords = {Instrumentation and Methods for Astrophysics (astro-ph.IM),  Cosmology and Nongalactic Astrophysics (astro-ph.CO),  Earth and Planetary Astrophysics (astro-ph.EP),  Astrophysics of Galaxies (astro-ph.GA),  Solar and Stellar Astrophysics (astro-ph.SR),  FOS: Physical sciences,  FOS: Physical sciences},
  title = {LSST Science Book,  Version 2.0},
  publisher = {arXiv},
  year = {2009},
  copyright = {arXiv.org perpetual,  non-exclusive license}
}

@article{alerce,
  title = {The Automatic Learning for the Rapid Classification of Events (ALeRCE) Alert Broker},
  volume = {161},
  ISSN = {1538-3881},
  url = {http://dx.doi.org/10.3847/1538-3881/abe9bc},
  DOI = {10.3847/1538-3881/abe9bc},
  number = {5},
  journal = {The Astronomical Journal},
  publisher = {American Astronomical Society},
  author = {F\"{o}rster,  F. and Cabrera-Vives,  G. and Castillo-Navarrete,  E. and Estévez,  P. A. and Sánchez-Sáez,  P. and Arredondo,  J. and Bauer,  F. E. and Carrasco-Davis,  R. and Catelan,  M. and Elorrieta,  F. and Eyheramendy,  S. and Huijse,  P. and Pignata,  G. and Reyes,  E. and Reyes,  I. and Rodríguez-Mancini,  D. and Ruz-Mieres,  D. and Valenzuela,  C. and Álvarez-Maldonado,  I. and Astorga,  N. and Borissova,  J. and Clocchiatti,  A. and De Cicco,  D. and Donoso-Oliva,  C. and Hernández-García,  L. and Graham,  M. J. and Jordán,  A. and Kurtev,  R. and Mahabal,  A. and Maureira,  J. C. and Muñoz-Arancibia,  A. and Molina-Ferreiro,  R. and Moya,  A. and Palma,  W. and Pérez-Carrasco,  M. and Protopapas,  P. and Romero,  M. and Sabatini-Gacitua,  L. and Sánchez,  A. and Martín,  J. San and Sepúlveda-Cobo,  C. and Vera,  E. and Vergara,  J. R.},
  year = {2021},
  month = apr,
  pages = {242}
}

@article{ampel,
  title = {Transient processing and analysis using AMPEL: alert management,  photometry,  and evaluation of light curves},
  volume = {631},
  ISSN = {1432-0746},
  url = {http://dx.doi.org/10.1051/0004-6361/201935634},
  DOI = {10.1051/0004-6361/201935634},
  journal = {Astronomy and Astrophysics},
  publisher = {EDP Sciences},
  author = {Nordin,  J. and Brinnel,  V. and van Santen,  J. and Bulla,  M. and Feindt,  U. and Franckowiak,  A. and Fremling,  C. and Gal-Yam,  A. and Giomi,  M. and Kowalski,  M. and Mahabal,  A. and Miranda,  N. and Rauch,  L. and Reusch,  S. and Rigault,  M. and Schulze,  S. and Sollerman,  J. and Stein,  R. and Yaron,  O. and van Velzen,  S. and Ward,  C.},
  year = {2019},
  month = nov,
  pages = {A147}
}

@inproceedings{antares,
   title={ANTARES: a prototype transient broker system},
   ISSN={0277-786X},
   url={http://dx.doi.org/10.1117/12.2056988},
   DOI={10.1117/12.2056988},
   booktitle={Observatory Operations: Strategies, Processes, and Systems V},
   publisher={SPIE},
   author={Saha, Abhijit and Matheson, Thomas and Snodgrass, Richard and Kececioglu, John and Narayan, Gautham and Seaman, Robert and Jenness, Tim and Axelrod, Tim},
   editor={Peck, Alison B. and Benn, Chris R. and Seaman, Robert L.},
   year={2014},
   month=jul }

@misc{fink,
      title={Finding active galactic nuclei through Fink}, 
      author={Etienne Russeil and Emille E. O. Ishida and Roman Le Montagner and Julien Peloton and Anais Moller},
      year={2022},
      eprint={2211.10987},
      archivePrefix={arXiv},
      primaryClass={astro-ph.IM},
      url={https://arxiv.org/abs/2211.10987}, 
}

@ARTICLE{lasair,
  title     = "Lasair: The transient alert broker for {LSST:UK}",
  author    = "Smith, K W and Williams, R D and Young, D R and Ibsen, A and
               Smartt, S J and Lawrence, A and Morris, D and Voutsinas, S and
               Nicholl, M",
  journal   = "Res. Notes AAS",
  publisher = "American Astronomical Society",
  volume    =  3,
  number    =  1,
  pages     = "26",
  month     =  jan,
  year      =  2019,
  copyright = "http://iopscience.iop.org/page/copyright"
}

@inproceedings{4most,
   title={4MOST: 4-metre multi-object spectroscopic telescope},
   ISSN={0277-786X},
   url={http://dx.doi.org/10.1117/12.926239},
   DOI={10.1117/12.926239},
   booktitle={Ground-based and Airborne Instrumentation for Astronomy IV},
   publisher={SPIE},
   author={de Jong, Roelof S. and Bellido-Tirado, Olga and Chiappini, Cristina and Depagne, Eric and Haynes, Roger and Johl, Diana and Schnurr, Olivier and Schwope, Axel and Walcher, Jakob and Dionies, Frank and Haynes, Dionne and Kelz, Andreas and Kitaura, Francisco S. and Lamer, Georg and Minchev, Ivan and Müller, Volker and Nuza, Sebastián E. and Olaya, Jean-Christophe and Piffl, Tilmann and Popow, Emil and Steinmetz, Matthias and Ural, Ugur and Williams, Mary and Winkler, Roland and Wisotzki, Lutz and Ansorge, Wolfgang R. and Banerji, Manda and Gonzalez Solares, Eduardo and Irwin, Mike and Kennicutt, Robert C. and King, Dave and McMahon, Richard G. and Koposov, Sergey and Parry, Ian R. and Sun, David and Walton, Nicholas A. and Finger, Gert and Iwert, Olaf and Krumpe, Mirko and Lizon, Jean-Louis and Vincenzo, Mainieri and Amans, Jean-Philippe and Bonifacio, Piercarlo and Cohen, Mathieu and Francois, Patrick and Jagourel, Pascal and Mignot, Shan B. and Royer, Frédéric and Sartoretti, Paola and Bender, Ralf and Grupp, Frank and Hess, Hans-Joachim and Lang-Bardl, Florian and Muschielok, Bernard and Böhringer, Hans and Boller, Thomas and Bongiorno, Angela and Brusa, Marcella and Dwelly, Tom and Merloni, Andrea and Nandra, Kirpal and Salvato, Mara and Pragt, Johannes H. and Navarro, Ramón and Gerlofsma, Gerrit and Roelfsema, Ronald and Dalton, Gavin B. and Middleton, Kevin F. and Tosh, Ian A. and Boeche, Corrado and Caffau, Elisabetta and Christlieb, Norbert and Grebel, Eva K. and Hansen, Camilla and Koch, Andreas and Ludwig, Hans-G. and Quirrenbach, Andreas and Sbordone, Luca and Seifert, Walter and Thimm, Guido and Trifonov, Trifon and Helmi, Amina and Trager, Scott C. and Feltzing, Sofia and Korn, Andreas and Boland, Wilfried},
   editor={McLean, Ian S. and Ramsay, Suzanne K. and Takami, Hideki},
   year={2012},
   month=oct }

@article{mse,
   title={The Maunakea Spectroscopic Explorer: Thousands of fibers, infinite possibilities},
   volume={344},
   ISSN={1521-3994},
   url={http://dx.doi.org/10.1002/asna.20230108},
   DOI={10.1002/asna.20230108},
   number={8–9},
   journal={Astronomische Nachrichten},
   publisher={Wiley},
   author={Sheinis, Andrew and Barden, Samuel C. and Sobeck, Jennifer},
   year={2023},
   month=sep }

@article{MOONS,
  doi = {10.18727/0722-6691/5195},
  
  url = {http://doi.eso.org/10.18727/0722-6691/5195},
  
  author = {Cirasuolo, Michele and Fairley, Alasdair and Rees, Phil and Gonzalez, Oscar A. and Taylor, William and Maiolino, Roberto and Afonso, Jose and Evans, Chris and Flores, Hector and Lilly, Simon and Oliva, Ernesto and Paltani, Stephane and Vanzi, Leonardo and Abreu, Manuel and Accardo, Matteo and Adams, Nathan and Álvarez Méndez, Domingo and Amans, Jean-Philippe and Amarantidis, Stergios and Atek, Hakim and Atkinson, David and Banerji, Manda and Barrett, Joe and Barrientos, Felipe and Bauer, Franz and Beard, Steven and Béchet, Clementine and Belfiore, Andrea and Bellazzini, Michele and Benoist, Christophe and Best, Philip and Biazzo, Katia and Black, Martin and Boettger, David and Bonifacio, Piercarlo and Bowler, Rebecca and Bragaglia, Angela and Brierley, Saskia and Brinchmann, Jarle and Brinkmann, Martin and Buat, Veronique and Buitrago, Fernando and Burgarella, Denis and Burningham, Ben and Buscher, David and Cabral, Alexandre and Caffau, Elisabetta and Cardoso, Leandro and Carnall, Adam and Carollo, Marcella and Castillo, Roberto and Castignani, Gianluca and Catelan, Marco and Cicone, Claudia and Cimatti, Andrea and Cioni, Maria-Rosa L. and Clementini, Gisella and Cochrane, William and Coelho, João and Colling, Miriam and Contini, Thierry and Contreras, Rodrigo and Conzelmann, Ralf and Cresci, Giovanni and Cropper, Mark and Cucciati, Olga and Cullen, Fergus and Cumani, Claudio and Curti, Mirko and Da Silva, Antonio and Daddi, Emanuele and Dalessandro, Emanuele and Dalessio, Francesco and Dauvin, Louise and Davidson, George and De Laverny, Patrick and Delplancke-Ströbele, Françoise and De Lucia, Gabriella and Del Vecchio, Ciro and Dessauges-Zavadsky, Miroslava and Di Matteo, Paola and Dole, Herve and Drass, Holger and Dunlop, Jim and Dünner, Rolando and Eales, Steve and Ellis, Richard and Enriques, Bruno and Fasola, Giles and Ferguson, Annette and Ferruzzi, Debora and Fisher, Martin and Flores, Mauricio and Fontana, Adriano and Forchi, Vincenzo and Francois, Patrick and Franzetti, Paolo and Gargiulo, Adriana and Garilli, Bianca and Gaudemard, Julien and Gieles, Mark and Gilmore, Gerry and Ginolfi, Michele and Gomes, Jean Michel and Guinouard, Isabelle and Gutierrez, Pablo and Haigron, Régis and Hammer, François and Hammersley, Peter and Haniff, Chris and Harrison, Chris and Haywood, Misha and Hill, Vanessa and Hubin, Norbert and Humphrey, Andrew and Ibata, Rodrigo and Infante, Leopoldo and Ives, Derek and Ivison, Rob and Iwert, Olaf and Jablonka, Pascale and Jakob, Gerd and Jarvis, Matt and King, David and Kneib, Jean-Paul and Laporte, Philippe and Lawrence, Andy and Lee, David and Li Causi, Gianluca and Lorenzoni, Silvio and Lucatello, Sara and Luco, Yerco and Macleod, Alastair and Magliocchetti, Manuela and Magrini, Laura and Mainieri, Vincenzo and Maire, Charles and Mannucci, Filippo and Martin, Nicolas and Matute, Israel and Maurogordato, Sophie and McGee, Sean and Mcleod, Derek and McLure, Ross and McMahon, Richard and Melse, Basile-Thierry and Messias, Hugo and Mucciarelli, Alessio and Nisini, Brunella and Nix, Johannes and Norberg, Peder and Oesch, Pascal and Oliveira, António and Origlia, Livia and Padilla, Nelson and Palsa, Ralf and Pancino, Elena and Papaderos, Polychronis and Pappalardo, Ciro and Parry, Ian and Pasquini, Luca and Peacock, John and Pedichini, Fernando and Pello, Roser and Peng, Yingjie and Pentericci, Laura and Pfuhl, Oliver and Piazzesi, Roberto and Popovic, Dan and Pozzetti, Lucia and Puech, Mathieu and Puzia, Thomas and Raichoor, Anand and Randich, Sofia and Recio-Blanco, Alejandra and Reis, Sandra and Reix, Florent and Renzini, Alvio and Rodrigues, Myriam and Rojas, Felipe and Rojas-Arriagada, Alvaro and Rota, Stefano and Royer, Frédéric and Sacco, Germano and Sanchez-Janssen, Ruben and Sanna, Nicoletta and Santos, Pedro and Sarzi, Marc and Schaerer, Daniel and Schiavon, Ricardo and Schnell, Robin and Schultheis, Mathias and Scodeggio, Marco and Serjeant, Steve and Shen, Tzu-Chiang and Simmonds, Charlotte and Smoker, Jonathan and Sobral, David and Sordet, Michael and Spérone, Damien and Strachan, Jonathan and Sun, Xiaowei and Swinbank, Mark and Tait, Graham and Tereno, Ismael and Tojeiro, Rita and Torres, Miguel and Tosi, Monica and Tozzi, Andrea and Tresiter, Ezequiel and Valenti, Elena and Valenzuela Navarro, Alvaro and Vanzella, Eros and Vergani, Susanna and Verhamme, Anne and Vernet, Joël and Vignali, Cristian and Vinther, Jakob and Von Dran, Lauren and Waring, Chris and Watson, Stephen and Wild, Vivienne and Willesme, Bart and Woodward, Brian and Wuyts, Stijn and Yang, Yanbin and Zamorani, Gianni and Zoccali, Manuela and Bluck, Asa and Trussler, James},
  
  title = {MOONS: The New Multi-Object Spectrograph for the VLT},
  
  journal = {Published in The Messenger vol. 180},
  
  volume = {pp. 10-17},
  
  pages = {June 2020.},
  
  publisher = {European Southern Observatory (ESO)},
  
  year = {2020},
  
  copyright = {Copyright European Southern Observatory}
}

@inproceedings{pfs,
   title={Prime Focus Spectrograph (PFS) for the Subaru telescope: overview, recent progress, and future perspectives},
   ISSN={0277-786X},
   url={http://dx.doi.org/10.1117/12.2232103},
   DOI={10.1117/12.2232103},
   booktitle={Ground-based and Airborne Instrumentation for Astronomy VI},
   publisher={SPIE},
   author={Tamura, Naoyuki and Takato, Naruhisa and Shimono, Atsushi and Moritani, Yuki and Yabe, Kiyoto and Ishizuka, Yuki and Ueda, Akitoshi and Kamata, Yukiko and Aghazarian, Hrand and Arnouts, Stéphane and Barban, Gabriel and Barkhouser, Robert H. and Borges, Renato C. and Braun, David F. and Carr, Michael A. and Chabaud, Pierre-Yves and Chang, Yin-Chang and Chen, Hsin-Yo and Chiba, Masashi and Chou, Richard C. Y. and Chu, You-Hua and Cohen, Judith and de Almeida, Rodrigo P. and de Oliveira, Antonio C. and de Oliveira, Ligia S. and Dekany, Richard G. and Dohlen, Kjetil and dos Santos, Jesulino B. and dos Santos, Leandro H. and Ellis, Richard and Fabricius, Maximilian and Ferrand, Didier and Ferreira, Décio and Golebiowski, Mirek and Greene, Jenny E. and Gross, Johannes and Gunn, James E. and Hammond, Randolph and Harding, Albert and Hart, Murdock and Heckman, Timothy M. and Hirata, Christopher M. and Ho, Paul and Hope, Stephen C. and Hovland, Larry and Hsu, Shu-Fu and Hu, Yen-Shan and Huang, Ping-Jie and Jaquet, Marc and Jing, Yipeng and Karr, Jennifer and Kimura, Masahiko and King, Matthew E. and Komatsu, Eiichiro and Le Brun, Vincent and Le Fèvre, Olivier and Le Fur, Arnaud and Le Mignant, David and Ling, Hung-Hsu and Loomis, Craig P. and Lupton, Robert H. and Madec, Fabrice and Mao, Peter and Marrara, Lucas S. and Mendes de Oliveira, Claudia and Minowa, Yosuke and Morantz, Chaz and Murayama, Hitoshi and Murray, Graham J. and Ohyama, Youichi and Orndorff, Joseph and Pascal, Sandrine and Pereira, Jefferson M. and Reiley, Daniel and Reinecke, Martin and Ritter, Andreas and Roberts, Mitsuko and Schwochert, Mark A. and Seiffert, Michael D. and Smee, Stephen A. and Sodre, Laerte and Spergel, David N. and Steinkraus, Aaron J. and Strauss, Michael A. and Surace, Christian and Suto, Yasushi and Suzuki, Nao and Swinbank, John and Tait, Philip J. and Takada, Masahiro and Tamura, Tomonori and Tanaka, Yoko and Tresse, Laurence and Verducci, Orlando and Vibert, Didier and Vidal, Clement and Wang, Shiang-Yu and Wen, Chih-Yi and Yan, Chi-Hung and Yasuda, Naoki},
   editor={Evans, Christopher J. and Simard, Luc and Takami, Hideki},
   year={2016},
   month=aug }

@misc{desi,
      title={The Dark Energy Spectroscopic Instrument (DESI)}, 
      author={Michael E. Levi and Lori E. Allen and Anand Raichoor and Charles Baltay and Segev BenZvi and Florian Beutler and Adam Bolton and Francisco J. Castander and Chia-Hsun Chuang and Andrew Cooper and Jean-Gabriel Cuby and Arjun Dey and Daniel Eisenstein and Xiaohui Fan and Brenna Flaugher and Carlos Frenk and Alma X. Gonzalez-Morales and Or Graur and Julien Guy and Salman Habib and Klaus Honscheid and Stephanie Juneau and Jean-Paul Kneib and Ofer Lahav and Dustin Lang and Alexie Leauthaud and Betta Lusso and Axel de la Macorra and Marc Manera and Paul Martini and Shude Mao and Jeffrey A. Newman and Nathalie Palanque-Delabrouille and Will J. Percival and Carlos Allende Prieto and Constance M. Rockosi and Vanina Ruhlmann-Kleider and David Schlegel and Hee-Jong Seo and Yong-Seon Song and Greg Tarle and Risa Wechsler and David Weinberg and Christophe Yeche and Ying Zu},
      year={2019},
      eprint={1907.10688},
      archivePrefix={arXiv},
      primaryClass={astro-ph.IM},
      url={https://arxiv.org/abs/1907.10688}, 
}

@article{Hflich1996,
  title = {Maximum Brightness and Postmaximum Decline of Light Curves of Type Supernovae Ia: A Comparison of Theory and Observations},
  volume = {472},
  ISSN = {0004-637X},
  url = {http://dx.doi.org/10.1086/310363},
  DOI = {10.1086/310363},
  number = {2},
  journal = {The Astrophysical Journal},
  publisher = {American Astronomical Society},
  author = {H\"{o}flich,  Peter and Khokhlov,  Alexei and Wheeler,  J. Craig and Phillips,  Mark M. and Suntzeff,  Nicolas B. and Hamuy,  Mario},
  year = {1996},
  month = dec,
  pages = {L81–L84}
}

@article{ngc3147,
  title = {Three is the magic number: Distance measurement of NGC 3147 using SN 2021hpr and its siblings},
  volume = {677},
  ISSN = {1432-0746},
  url = {http://dx.doi.org/10.1051/0004-6361/202346395},
  DOI = {10.1051/0004-6361/202346395},
  journal = {Astronomy and Astrophysics},
  publisher = {EDP Sciences},
  author = {Barna,  B. and Nagy,  A. P. and Bora,  Zs. and Czavalinga,  D. R. and K\"{o}nyves-Tóth,  R. and Szalai,  T. and Székely,  P. and Zsíros,  Sz. and Bánhidi,  D. and Bíró,  I. B. and Csányi,  I. and Kriskovics,  L. and Pál,  A. and Szabó,  Zs. M. and Szakáts,  R. and Vida,  K. and Bodola,  Zs. and Vinkó,  J.},
  year = {2023},
  month = sep,
  pages = {A183}
}

@article{ia_properties,
doi = {10.1088/0004-637X/755/2/125},
url = {https://dx.doi.org/10.1088/0004-637X/755/2/125},
year = {2012},
month = {aug},
publisher = {The American Astronomical Society},
volume = {755},
number = {2},
pages = {125},
author = {Lluís Galbany and Ramon Miquel and Linda Östman and Peter J. Brown and David Cinabro and Chris B. D'Andrea and Joshua Frieman and Saurabh W. Jha and John Marriner and Robert C. Nichol and Jakob Nordin and Matthew D. Olmstead and Masao Sako and Donald P. Schneider and Mathew Smith and Jesper Sollerman and Kaike Pan and Stephanie Snedden and Dmitry Bizyaev and Howard Brewington and Elena Malanushenko and Viktor Malanushenko and Dan Oravetz and Audrey Simmons and Alaina Shelden},
title = {TYPE Ia SUPERNOVA PROPERTIES AS A FUNCTION OF THE DISTANCE TO THE HOST GALAXY IN THE SDSS-II SN SURVEY},
journal = {The Astrophysical Journal},
abstract = {We use Type Ia supernovae (SNe Ia) discovered by the Sloan Digital Sky Survey-II SN Survey to search for dependencies between SN Ia properties and the projected distance to the host-galaxy center, using the distance as a proxy for local galaxy properties (local star formation rate, local metallicity, etc.). The sample consists of almost 200 spectroscopically or photometrically confirmed SNe Ia at redshifts below 0.25. The sample is split into two groups depending on the morphology of the host galaxy. We fit light curves using both MLCS2k2 and SALT2, and determine color (AV, c) and light-curve shape (Δ, x1) parameters for each SN Ia, as well as its residual in the Hubble diagram. We then correlate these parameters with both the physical and the normalized distances to the center of the host galaxy and look for trends in the mean values and scatters of these parameters with increasing distance. The most significant (at the 4σ level) finding is that the average fitted AV from MLCS2k2 and c from SALT2 decrease with the projected distance for SNe Ia in spiral galaxies. We also find indications that supernovae (SNe) in elliptical galaxies tend to have narrower light curves if they explode at larger distances, although this may be due to selection effects in our sample. We do not find strong correlations between the residuals of the distance moduli with respect to the Hubble flow and the galactocentric distances, which indicates a limited correlation between SN magnitudes after standardization and local host metallicity.}
}

@article{Sullivan2006,
  title = {Rates and Properties of Type Ia Supernovae as a Function of Mass and Star Formation in Their Host Galaxies},
  volume = {648},
  ISSN = {1538-4357},
  url = {http://dx.doi.org/10.1086/506137},
  DOI = {10.1086/506137},
  number = {2},
  journal = {The Astrophysical Journal},
  publisher = {American Astronomical Society},
  author = {Sullivan,  M. and Le Borgne,  D. and Pritchet,  C. J. and Hodsman,  A. and Neill,  J. D. and Howell,  D. A. and Carlberg,  R. G. and Astier,  P. and Aubourg,  E. and Balam,  D. and Basa,  S. and Conley,  A. and Fabbro,  S. and Fouchez,  D. and Guy,  J. and Hook,  I. and Pain,  R. and Palanque‐Delabrouille,  N. and Perrett,  K. and Regnault,  N. and Rich,  J. and Taillet,  R. and Baumont,  S. and Bronder,  J. and Ellis,  R. S. and Filiol,  M. and Lusset,  V. and Perlmutter,  S. and Ripoche,  P. and Tao,  C.},
  year = {2006},
  month = sep,
  pages = {868–883}
}

@article{sextractor,
  title = {SExtractor: Software for source extraction},
  volume = {117},
  ISSN = {1286-4846},
  url = {http://dx.doi.org/10.1051/aas:1996164},
  DOI = {10.1051/aas:1996164},
  number = {2},
  journal = {Astronomy and Astrophysics Supplement Series},
  publisher = {EDP Sciences},
  author = {Bertin,  E. and Arnouts,  S.},
  year = {1996},
  month = jun,
  pages = {393–404}
}

@article{Mannucci2005,
  title = {The supernova rate per unit mass},
  volume = {433},
  ISSN = {1432-0746},
  url = {http://dx.doi.org/10.1051/0004-6361:20041411},
  DOI = {10.1051/0004-6361:20041411},
  number = {3},
  journal = {Astronomy and Astrophysics},
  publisher = {EDP Sciences},
  author = {Mannucci,  F. and Della Valle,  M. and Panagia,  N. and Cappellaro,  E. and Cresci,  G. and Maiolino,  R. and Petrosian,  A. and Turatto,  M.},
  year = {2005},
  month = mar,
  pages = {807–814}
}

@misc{multimodality,
      title={Foundations and Trends in Multimodal Machine Learning: Principles, Challenges, and Open Questions}, 
      author={Paul Pu Liang and Amir Zadeh and Louis-Philippe Morency},
      year={2023},
      eprint={2209.03430},
      archivePrefix={arXiv},
      primaryClass={cs.LG},
      url={https://arxiv.org/abs/2209.03430}, 
}

@misc{panstarrs,
      title={The Pan-STARRS1 Surveys}, 
      author={K. C. Chambers and E. A. Magnier and N. Metcalfe and H. A. Flewelling and M. E. Huber and C. Z. Waters and L. Denneau and P. W. Draper and D. Farrow and D. P. Finkbeiner and C. Holmberg and J. Koppenhoefer and P. A. Price and A. Rest and R. P. Saglia and E. F. Schlafly and S. J. Smartt and W. Sweeney and R. J. Wainscoat and W. S. Burgett and S. Chastel and T. Grav and J. N. Heasley and K. W. Hodapp and R. Jedicke and N. Kaiser and R. -P. Kudritzki and G. A. Luppino and R. H. Lupton and D. G. Monet and J. S. Morgan and P. M. Onaka and B. Shiao and C. W. Stubbs and J. L. Tonry and R. White and E. Bañados and E. F. Bell and R. Bender and E. J. Bernard and M. Boegner and F. Boffi and M. T. Botticella and A. Calamida and S. Casertano and W. -P. Chen and X. Chen and S. Cole and N. Deacon and C. Frenk and A. Fitzsimmons and S. Gezari and V. Gibbs and C. Goessl and T. Goggia and R. Gourgue and B. Goldman and P. Grant and E. K. Grebel and N. C. Hambly and G. Hasinger and A. F. Heavens and T. M. Heckman and R. Henderson and T. Henning and M. Holman and U. Hopp and W. -H. Ip and S. Isani and M. Jackson and C. D. Keyes and A. M. Koekemoer and R. Kotak and D. Le and D. Liska and K. S. Long and J. R. Lucey and M. Liu and N. F. Martin and G. Masci and B. McLean and E. Mindel and P. Misra and E. Morganson and D. N. A. Murphy and A. Obaika and G. Narayan and M. A. Nieto-Santisteban and P. Norberg and J. A. Peacock and E. A. Pier and M. Postman and N. Primak and C. Rae and A. Rai and A. Riess and A. Riffeser and H. W. Rix and S. Röser and R. Russel and L. Rutz and E. Schilbach and A. S. B. Schultz and D. Scolnic and L. Strolger and A. Szalay and S. Seitz and E. Small and K. W. Smith and D. R. Soderblom and P. Taylor and R. Thomson and A. N. Taylor and A. R. Thakar and J. Thiel and D. Thilker and D. Unger and Y. Urata and J. Valenti and J. Wagner and T. Walder and F. Walter and S. P. Watters and S. Werner and W. M. Wood-Vasey and R. Wyse},
      year={2019},
      eprint={1612.05560},
      archivePrefix={arXiv},
      primaryClass={astro-ph.IM}
}

@software{panstamps,
    author = {Young, David R.},
    doi = {10.5281/zenodo.8037664},
    license = {GPL-3.0-only},
    title = {{panstamps. PanSTARRS image downloader}},
    url = {https://zenodo.org/doi/10.5281/zenodo.8037664}
}

@book{sex, title={kbarbary/sep: v1.0.0}, url={https://zenodo.org/record/159035}, DOI={10.5281/ZENODO.159035}, abstractNote={This release removes features deprecated in previous versions. All future v1.x.x versions will be backwards compatible. It also includes one bugfix: Fix bug in Background.rms() giving nonsensical results.}, publisher={Zenodo}, author={Barbary, Kyle and Boone, Kyle and McCully, Curtis and Craig, Matt and Deil, Christoph and Rose, Benjamin}, year={2016}, month=sep }

@article{adam,
  added-at = {2023-03-05T10:30:55.000+0100},
  author = {Kingma, Diederik P and Ba, Jimmy},
  biburl = {https://www.bibsonomy.org/bibtex/28bdee324b737a54ae326ea6db6e8950b/jascal_panetzky},
  interhash = {57d2ac873f398f21bb94790081e80394},
  intrahash = {8bdee324b737a54ae326ea6db6e8950b},
  journal = {arXiv preprint arXiv:1412.6980},
  keywords = {imported},
  timestamp = {2023-03-05T10:34:04.000+0100},
  title = {Adam: A method for stochastic optimization},
  year = 2014
}

@inproceedings{imagenet,
  title={Imagenet: A large-scale hierarchical image database},
  author={Deng, Jia and Dong, Wei and Socher, Richard and Li, Li-Jia and Li, Kai and Fei-Fei, Li},
  booktitle={2009 IEEE conference on computer vision and pattern recognition},
  pages={248--255},
  year={2009},
  organization={Ieee}
}

@article{resnet,
  author       = {Kaiming He and
                  Xiangyu Zhang and
                  Shaoqing Ren and
                  Jian Sun},
  title        = {Deep Residual Learning for Image Recognition},
  journal      = {CoRR},
  volume       = {abs/1512.03385},
  year         = {2015},
  url          = {http://arxiv.org/abs/1512.03385},
  eprinttype    = {arXiv},
  eprint       = {1512.03385},
  timestamp    = {Wed, 25 Jan 2023 11:01:16 +0100},
  biburl       = {https://dblp.org/rec/journals/corr/HeZRS15.bib},
  bibsource    = {dblp computer science bibliography, https://dblp.org}
}

@misc{galaxytransferlearning,
      title={Galaxy Classification Using Transfer Learning and Ensemble of CNNs With Multiple Colour Spaces}, 
      author={Yevonnael Andrew},
      year={2023},
      eprint={2305.00002},
      archivePrefix={arXiv},
      primaryClass={astro-ph.IM},
      url={https://arxiv.org/abs/2305.00002}, 
}


@book{bootstrap_std,
  title = {An Introduction to the Bootstrap},
  ISBN = {9781489945419},
  url = {http://dx.doi.org/10.1007/978-1-4899-4541-9},
  DOI = {10.1007/978-1-4899-4541-9},
  publisher = {Springer US},
  author = {Efron,  Bradley and Tibshirani,  Robert J.},
  year = {1993}
}

@article{bootstrap_applications,
  title = {Bootstrap Methods and Their Application},
  volume = {42},
  ISSN = {1537-2723},
  url = {http://dx.doi.org/10.1080/00401706.2000.10486018},
  DOI = {10.1080/00401706.2000.10486018},
  number = {2},
  journal = {Technometrics},
  publisher = {Informa UK Limited},
  author = {Kushary,  Debashis},
  year = {2000},
  month = may,
  pages = {216–217}
}

@article{bootstrap_methods_and_permutation_tests,
author = {Hesterberg, Tim and Monaghan, Shaun and Moore, David and Clipson, Ashley and Epstein, Rachel and Freeman, W and York, Company},
year = {2005},
month = {01},
pages = {},
title = {Bootstrap Methods and Permutation Tests},
volume = {14},
journal = {Introduction to the Practice of Statistics}
}

@article{raytune,
  author       = {Richard Liaw and
                  Eric Liang and
                  Robert Nishihara and
                  Philipp Moritz and
                  Joseph E. Gonzalez and
                  Ion Stoica},
  title        = {Tune: {A} Research Platform for Distributed Model Selection and Training},
  journal      = {CoRR},
  volume       = {abs/1807.05118},
  year         = {2018},
  url          = {http://arxiv.org/abs/1807.05118},
  eprinttype    = {arXiv},
  eprint       = {1807.05118},
  timestamp    = {Mon, 13 Aug 2018 16:46:04 +0200},
  biburl       = {https://dblp.org/rec/journals/corr/abs-1807-05118.bib},
  bibsource    = {dblp computer science bibliography, https://dblp.org}
}